<?xml version="1.0" encoding="UTF-8"?>
<record xmlns="http://www.loc.gov/MARC21/slim" xmlns:zs="http://docs.oasis-open.org/ns/search-ws/sruResponse">
 <leader>
  07018cpcaa22012017a 4500
 </leader>
 <controlfield tag="001">
  17489211
 </controlfield>
 <controlfield tag="005">
  20231108150943.0
 </controlfield>
 <controlfield tag="007">
  st omncm|i|n|e
 </controlfield>
 <controlfield tag="008">
  121010i19791979xx                  eng
 </controlfield>
 <datafield ind1=" " ind2=" " tag="906">
  <subfield code="a">
   7
  </subfield>
  <subfield code="b">
   cbc
  </subfield>
  <subfield code="c">
   orignew
  </subfield>
  <subfield code="d">
   u
  </subfield>
  <subfield code="e">
   ncip
  </subfield>
  <subfield code="f">
   20
  </subfield>
  <subfield code="g">
   y-folklife
  </subfield>
 </datafield>
 <datafield ind1=" " ind2=" " tag="955">
  <subfield code="a">
   mkru 2012-10-10
  </subfield>
  <subfield code="a">
   mkru 2013-10-23
  </subfield>
  <subfield code="a">
   mkru 2014-09-10
  </subfield>
  <subfield code="a">
   mkru 2014-11-10; cker 2014-11-26
  </subfield>
  <subfield code="a">
   mkru 2016-07-11
  </subfield>
  <subfield code="a">
   mkru 2017-01-12
  </subfield>
  <subfield code="a">
   masmit 2020-06-22
  </subfield>
  <subfield code="a">
   masmit 2021-06-08
  </subfield>
  <subfield code="a">
   masmit 2021-12-27
  </subfield>
  <subfield code="a">
   masmit 2023-11-08
  </subfield>
 </datafield>
 <datafield ind1="2" ind2="0" tag="033">
  <subfield code="a">
   1979----
  </subfield>
  <subfield code="a">
   1979----
  </subfield>
 </datafield>
 <datafield ind1=" " ind2=" " tag="010">
  <subfield code="a">
   2012655473
  </subfield>
 </datafield>
 <datafield ind1=" " ind2=" " tag="040">
  <subfield code="a">
   DLC
  </subfield>
  <subfield code="c">
   DLC
  </subfield>
  <subfield code="b">
   eng
  </subfield>
  <subfield code="e">
   dacs
  </subfield>
  <subfield code="d">
   DLC
  </subfield>
  <subfield code="d">
   DLC
  </subfield>
 </datafield>
 <datafield ind1=" " ind2=" " tag="043">
  <subfield code="a">
   n-us-mt
  </subfield>
 </datafield>
 <datafield ind1=" " ind2=" " tag="090">
  <subfield code="a">
   RXA 844-987; RYA 91-92
  </subfield>
 </datafield>
 <datafield ind1=" " ind2=" " tag="090">
  <subfield code="a">
   AFS 20358-20503
  </subfield>
 </datafield>
 <datafield ind1=" " ind2=" " tag="090">
  <subfield code="a">
   AFC 1981/005
  </subfield>
 </datafield>
 <datafield ind1="0" ind2="0" tag="245">
  <subfield code="a">
   Montana Folklife Survey collection,
  </subfield>
  <subfield code="f">
   1979.
  </subfield>
 </datafield>
 <datafield ind1="1" ind2="3" tag="246">
  <subfield code="a">
   Montana folklife project
  </subfield>
 </datafield>
 <datafield ind1="1" ind2="3" tag="246">
  <subfield code="a">
   Montana folklife collection
  </subfield>
 </datafield>
 <datafield ind1=" " ind2=" " tag="300">
  <subfield code="a">
   11,800
  </subfield>
  <subfield code="f">
   items.
  </subfield>
 </datafield>
 <datafield ind1=" " ind2=" " tag="300">
  <subfield code="a">
   144 sound tape reels (73 hours) :
  </subfield>
  <subfield code="b">
   analog, 7 1/2 ips ;
  </subfield>
  <subfield code="c">
   7 in.
  </subfield>
 </datafield>
 <datafield ind1=" " ind2=" " tag="300">
  <subfield code="a">
   2 sound cassettes :
  </subfield>
  <subfield code="b">
   analog.
  </subfield>
 </datafield>
 <datafield ind1=" " ind2=" " tag="300">
  <subfield code="a">
   1 videocassette (U-Matic) :
  </subfield>
  <subfield code="b">
   sound, color ;
  </subfield>
  <subfield code="c">
   3/4 in.
  </subfield>
 </datafield>
 <datafield ind1=" " ind2=" " tag="300">
  <subfield code="a">
   circa 5700 photographs :
  </subfield>
  <subfield code="b">
   film negatives, black and white ;
  </subfield>
  <subfield code="c">
   various sizes.
  </subfield>
 </datafield>
 <datafield ind1=" " ind2=" " tag="300">
  <subfield code="a">
   circa 3600 photographs :
  </subfield>
  <subfield code="b">
   film negatives, transparencies, color ;
  </subfield>
  <subfield code="c">
   various sizes.
  </subfield>
 </datafield>
 <datafield ind1=" " ind2=" " tag="300">
  <subfield code="3">
   manuscripts
  </subfield>
  <subfield code="a">
   102
  </subfield>
  <subfield code="f">
   folders.
  </subfield>
 </datafield>
 <datafield ind1=" " ind2=" " tag="300">
  <subfield code="3">
   manuscripts
  </subfield>
  <subfield code="a">
   3 1/2 linear feet (8 containers).
  </subfield>
 </datafield>
 <datafield ind1="0" ind2=" " tag="511">
  <subfield code="a">
   Various speakers and performers.
  </subfield>
 </datafield>
 <datafield ind1=" " ind2=" " tag="518">
  <subfield code="a">
   Recorded at various locations in Montana, primarily near Missoula, Havre, Miles City, Great Falls, Billings, Butte, also Anaconda, Avon, Broadus, Crow Agency, Deer Lodge, Forsyth, Glasgow, Nye, Polson, Saco, St. Mary, Valley Creek, and other locations.
  </subfield>
 </datafield>
 <datafield ind1=" " ind2=" " tag="545">
  <subfield code="a">
   In the summer of 1979, the American Folklife Center of the Library of Congress conducted a field research survey to document traditional folklife in Montana. The survey was undertaken in cooperation with the Montana Arts Council.  The survey team was led by Barre Toelken, and included folklorists Paula Johnson, Gary Stanton, Kay Young, and photographers Michael Crummett, Carl Fleischhauer, Tom McBride, Miiko Toelken, and George Wasson and was conducted from June 28, 1979 to September 15, 1979.
  </subfield>
 </datafield>
 <datafield ind1=" " ind2=" " tag="520">
  <subfield code="a">
   Collection of field recordings of interviews with Montanans in various occupations including ranching, sheep herding, blacksmithing, stone cutting, saddle making, and mining; various folk and traditional music occasions including fiddle and mandolin music in Forsyth; fiddle and accordion music performed in Broadus; the Montana Old-Time Fiddlers Association in Polson; Irish music, songs, and dance music on concertina and accordion in Butte; a Serbian wedding and reception in Butte; hymn singing of the Turner Colony of Hutterites; the annual Crow Fair in Crow Agency; storytelling on the Milk River Wagon Train, interviews with Salish elders at the Outdoor School for Traditional Flathead Indian Ways, and other documentation of rodeos, trade crafts, vernacular architecture, quilting, and reminiscences and stories about life in Montana in 1979. One videocassette comprises news coverage of the Montana Folklife Survey, featuring Barre Toelken, KECI-TV, Missoula, Montana, 1979 September 13.
  </subfield>
 </datafield>
 <datafield ind1="8" ind2=" " tag="524">
  <subfield code="a">
   Montana Folklife Survey collection, 1979 (AFC 1981/005), Archive of Folk Culture, American Folklife Center, Library of Congress, Washington, D.C.
  </subfield>
 </datafield>
 <datafield ind1="1" ind2=" " tag="506">
  <subfield code="a">
   Collection is open for research. Access to recordings may be restricted. To request materials, please contact the Folklife Reading Room at
  </subfield>
  <subfield code="u">
   http://hdl.loc.gov/loc.afc/folklife.contact
  </subfield>
 </datafield>
 <datafield ind1=" " ind2=" " tag="530">
  <subfield code="a">
   Most of this collection is available online
  </subfield>
  <subfield code="u">
   https://www.loc.gov/collections/montana-folklife-survey-1979/about-this-collection/
  </subfield>
 </datafield>
 <datafield ind1=" " ind2=" " tag="540">
  <subfield code="a">
   Duplication of sound recordings may be governed by copyright and other restrictions.
  </subfield>
 </datafield>
 <datafield ind1=" " ind2=" " tag="541">
  <subfield code="a">
   Accessioned;
  </subfield>
  <subfield code="d">
   1981.
  </subfield>
 </datafield>
 <datafield ind1=" " ind2=" " tag="546">
  <subfield code="a">
   In English.
  </subfield>
 </datafield>
 <datafield ind1=" " ind2=" " tag="555">
  <subfield code="a">
   Inventory is available in the Folklife Reading Room, Library of Congress and online
  </subfield>
  <subfield code="u">
   http://hdl.loc.gov/loc.afc/eadafc.af014005
  </subfield>
 </datafield>
 <datafield ind1="2" ind2="0" tag="611">
  <subfield code="a">
   Crow Fair Celebration.
  </subfield>
 </datafield>
 <datafield ind1=" " ind2="0" tag="650">
  <subfield code="a">
   Folklore
  </subfield>
  <subfield code="z">
   Montana.
  </subfield>
 </datafield>
 <datafield ind1=" " ind2="0" tag="650">
  <subfield code="a">
   Ranching
  </subfield>
  <subfield code="z">
   Montana.
  </subfield>
 </datafield>
 <datafield ind1=" " ind2="0" tag="650">
  <subfield code="a">
   Cowboys
  </subfield>
  <subfield code="z">
   Montana
  </subfield>
  <subfield code="v">
   Interviews.
  </subfield>
 </datafield>
 <datafield ind1=" " ind2="0" tag="650">
  <subfield code="a">
   Miners
  </subfield>
  <subfield code="z">
   Montana
  </subfield>
  <subfield code="z">
   Butte.
  </subfield>
 </datafield>
 <datafield ind1=" " ind2="0" tag="650">
  <subfield code="a">
   Blacksmiths
  </subfield>
  <subfield code="z">
   Montana
  </subfield>
  <subfield code="v">
   Interviews.
  </subfield>
 </datafield>
 <datafield ind1=" " ind2="0" tag="650">
  <subfield code="a">
   Food habits
  </subfield>
  <subfield code="z">
   Montana.
  </subfield>
 </datafield>
 <datafield ind1=" " ind2="0" tag="650">
  <subfield code="a">
   Quilts
  </subfield>
  <subfield code="z">
   Montana.
  </subfield>
 </datafield>
 <datafield ind1=" " ind2="0" tag="650">
  <subfield code="a">
   Rodeos
  </subfield>
  <subfield code="z">
   Montana.
  </subfield>
 </datafield>
 <datafield ind1=" " ind2="0" tag="650">
  <subfield code="a">
   Folk music
  </subfield>
  <subfield code="z">
   Montana.
  </subfield>
 </datafield>
 <datafield ind1=" " ind2="0" tag="650">
  <subfield code="a">
   Fiddle tunes
  </subfield>
  <subfield code="z">
   Montana.
  </subfield>
 </datafield>
 <datafield ind1=" " ind2="0" tag="650">
  <subfield code="a">
   Songs, Swedish
  </subfield>
  <subfield code="z">
   Montana.
  </subfield>
 </datafield>
 <datafield ind1=" " ind2="0" tag="650">
  <subfield code="a">
   Hymns, German
  </subfield>
  <subfield code="z">
   Montana.
  </subfield>
 </datafield>
 <datafield ind1=" " ind2="0" tag="650">
  <subfield code="a">
   Storytelling
  </subfield>
  <subfield code="z">
   Montana.
  </subfield>
 </datafield>
 <datafield ind1=" " ind2="0" tag="650">
  <subfield code="a">
   Tales
  </subfield>
  <subfield code="z">
   Montana.
  </subfield>
 </datafield>
 <datafield ind1=" " ind2="0" tag="650">
  <subfield code="a">
   Vernacular architecture
  </subfield>
  <subfield code="z">
   Montana.
  </subfield>
 </datafield>
 <datafield ind1=" " ind2="0" tag="650">
  <subfield code="a">
   Hutterian Brethren
  </subfield>
  <subfield code="v">
   Hymns.
  </subfield>
 </datafield>
 <datafield ind1=" " ind2="0" tag="650">
  <subfield code="a">
   Crow Indians
  </subfield>
  <subfield code="z">
   Montana.
  </subfield>
 </datafield>
 <datafield ind1=" " ind2="0" tag="650">
  <subfield code="a">
   Salish Indians
  </subfield>
  <subfield code="z">
   Montana.
  </subfield>
 </datafield>
 <datafield ind1=" " ind2="0" tag="650">
  <subfield code="a">
   Greek Americans
  </subfield>
  <subfield code="z">
   Montana.
  </subfield>
 </datafield>
 <datafield ind1=" " ind2="0" tag="650">
  <subfield code="a">
   Italian Americans
  </subfield>
  <subfield code="z">
   Montana.
  </subfield>
 </datafield>
 <datafield ind1=" " ind2="0" tag="650">
  <subfield code="a">
   Basque Americans
  </subfield>
  <subfield code="z">
   Montana.
  </subfield>
 </datafield>
 <datafield ind1=" " ind2="0" tag="650">
  <subfield code="a">
   Japanese Americans
  </subfield>
  <subfield code="z">
   Montana.
  </subfield>
 </datafield>
 <datafield ind1=" " ind2="0" tag="650">
  <subfield code="a">
   Norwegian Americans
  </subfield>
  <subfield code="z">
   Montana.
  </subfield>
 </datafield>
 <datafield ind1=" " ind2="0" tag="650">
  <subfield code="a">
   Swedish Americans
  </subfield>
  <subfield code="z">
   Montana.
  </subfield>
 </datafield>
 <datafield ind1=" " ind2="0" tag="650">
  <subfield code="a">
   Serbian Americans
  </subfield>
  <subfield code="z">
   Montana
  </subfield>
  <subfield code="z">
   Butte.
  </subfield>
 </datafield>
 <datafield ind1=" " ind2="0" tag="650">
  <subfield code="a">
   Irish Americans
  </subfield>
  <subfield code="z">
   Montana
  </subfield>
  <subfield code="z">
   Butte
  </subfield>
  <subfield code="v">
   Music.
  </subfield>
 </datafield>
 <datafield ind1=" " ind2="0" tag="650">
  <subfield code="a">
   Irish Americans
  </subfield>
  <subfield code="z">
   Montana
  </subfield>
  <subfield code="z">
   Butte
  </subfield>
  <subfield code="v">
   Folklore.
  </subfield>
 </datafield>
 <datafield ind1=" " ind2="0" tag="650">
  <subfield code="a">
   Field recordings
  </subfield>
  <subfield code="z">
   Montana.
  </subfield>
 </datafield>
 <datafield ind1=" " ind2="0" tag="651">
  <subfield code="a">
   Montana
  </subfield>
  <subfield code="x">
   Social life and customs
  </subfield>
  <subfield code="y">
   20th century.
  </subfield>
 </datafield>
 <datafield ind1=" " ind2="0" tag="651">
  <subfield code="a">
   Babb (Mont.)
  </subfield>
  <subfield code="x">
   Social life and customs
  </subfield>
  <subfield code="y">
   20th century.
  </subfield>
 </datafield>
 <datafield ind1=" " ind2="0" tag="651">
  <subfield code="a">
   Butte (Mont.)
  </subfield>
  <subfield code="x">
   Social life and customs
  </subfield>
  <subfield code="y">
   20th century.
  </subfield>
 </datafield>
 <datafield ind1=" " ind2="0" tag="651">
  <subfield code="a">
   Blackfeet Tribe of the Blackfeet Indian Reservation of Montana.
  </subfield>
 </datafield>
 <datafield ind1=" " ind2="7" tag="655">
  <subfield code="a">
   Field recordings.
  </subfield>
  <subfield code="2">
   lcgft
  </subfield>
 </datafield>
 <datafield ind1=" " ind2="7" tag="655">
  <subfield code="a">
   Oral histories.
  </subfield>
  <subfield code="2">
   lcgft
  </subfield>
 </datafield>
 <datafield ind1=" " ind2="7" tag="655">
  <subfield code="a">
   Interviews.
  </subfield>
  <subfield code="2">
   aat
  </subfield>
 </datafield>
 <datafield ind1=" " ind2="7" tag="655">
  <subfield code="a">
   Ethnography.
  </subfield>
  <subfield code="2">
   aat
  </subfield>
 </datafield>
 <datafield ind1=" " ind2="7" tag="655">
  <subfield code="a">
   Maps.
  </subfield>
  <subfield code="2">
   aat
  </subfield>
 </datafield>
 <datafield ind1=" " ind2="7" tag="655">
  <subfield code="a">
   Photographs.
  </subfield>
  <subfield code="2">
   aat
  </subfield>
 </datafield>
 <datafield ind1=" " ind2="7" tag="655">
  <subfield code="a">
   Field notes.
  </subfield>
  <subfield code="2">
   aat
  </subfield>
 </datafield>
 <datafield ind1=" " ind2="7" tag="655">
  <subfield code="a">
   Manuscripts.
  </subfield>
  <subfield code="2">
   aat
  </subfield>
 </datafield>
 <datafield ind1=" " ind2="7" tag="655">
  <subfield code="a">
   Correspondence.
  </subfield>
  <subfield code="2">
   aat
  </subfield>
 </datafield>
 <datafield ind1=" " ind2="7" tag="655">
  <subfield code="a">
   Sound recordings.
  </subfield>
  <subfield code="2">
   aat
  </subfield>
 </datafield>
 <datafield ind1=" " ind2="7" tag="655">
  <subfield code="a">
   Videocassettes.
  </subfield>
  <subfield code="2">
   aat
  </subfield>
 </datafield>
 <datafield ind1=" " ind2="7" tag="655">
  <subfield code="a">
   Television programs.
  </subfield>
  <subfield code="2">
   lcgft
  </subfield>
 </datafield>
 <datafield ind1="1" ind2=" " tag="700">
  <subfield code="a">
   Crummett, Michael,
  </subfield>
  <subfield code="d">
   1948-
  </subfield>
  <subfield code="e">
   photographer.
  </subfield>
 </datafield>
 <datafield ind1="1" ind2=" " tag="700">
  <subfield code="a">
   Fleischhauer, Carl,
  </subfield>
  <subfield code="e">
   photographer.
  </subfield>
 </datafield>
 <datafield ind1="1" ind2=" " tag="700">
  <subfield code="a">
   Johnson, Paula J.,
  </subfield>
  <subfield code="d">
   1954-,
  </subfield>
  <subfield code="e">
   interviewer,
  </subfield>
  <subfield code="e">
   photographer.
  </subfield>
 </datafield>
 <datafield ind1="1" ind2=" " tag="700">
  <subfield code="a">
   McBride, Tom,
  </subfield>
  <subfield code="e">
   photographer.
  </subfield>
 </datafield>
 <datafield ind1="1" ind2=" " tag="700">
  <subfield code="a">
   Stanton, Gary Ward,
  </subfield>
  <subfield code="d">
   1946-,
  </subfield>
  <subfield code="e">
   interviewer,
  </subfield>
  <subfield code="e">
   photographer.
  </subfield>
 </datafield>
 <datafield ind1="1" ind2=" " tag="700">
  <subfield code="a">
   Toelken, Barre,
  </subfield>
  <subfield code="d">
   1935-2018,
  </subfield>
  <subfield code="e">
   interviewer,
  </subfield>
  <subfield code="e">
   photographer.
  </subfield>
 </datafield>
 <datafield ind1="1" ind2=" " tag="700">
  <subfield code="a">
   Toelken, Miiko,
  </subfield>
  <subfield code="e">
   photographer.
  </subfield>
 </datafield>
 <datafield ind1="1" ind2=" " tag="700">
  <subfield code="a">
   Young, Kay,
  </subfield>
  <subfield code="d">
   1931-,
  </subfield>
  <subfield code="e">
   interviewer.
  </subfield>
 </datafield>
 <datafield ind1="1" ind2=" " tag="700">
  <subfield code="a">
   Wasson, George B.,
  </subfield>
  <subfield code="e">
   photographer.
  </subfield>
 </datafield>
 <datafield ind1="1" ind2=" " tag="700">
  <subfield code="a">
   Dockstader, Ray.
  </subfield>
 </datafield>
 <datafield ind1="2" ind2=" " tag="710">
  <subfield code="a">
   American Folklife Center,
  </subfield>
  <subfield code="e">
   sponsor.
  </subfield>
 </datafield>
 <datafield ind1="2" ind2=" " tag="710">
  <subfield code="a">
   Archive of Folk Culture (Library of Congress),
  </subfield>
  <subfield code="e">
   collector.
  </subfield>
 </datafield>
 <datafield ind1="2" ind2=" " tag="710">
  <subfield code="a">
   Montana Arts Council,
  </subfield>
  <subfield code="e">
   sponsor.
  </subfield>
 </datafield>
 <datafield ind1=" " ind2=" " tag="852">
  <subfield code="a">
   Library of Congress
  </subfield>
  <subfield code="b">
   American Folklife Center,
  </subfield>
  <subfield code="e">
   101 Independence Ave. S.E., Washington, DC USA 20540-4610
  </subfield>
  <subfield code="u">
   https://hdl.loc.gov/loc.afc/folklife.home
  </subfield>
 </datafield>
 <datafield ind1="4" ind2="1" tag="856">
  <subfield code="3">
   Online presentation
  </subfield>
  <subfield code="u">
   https://hdl.loc.gov/loc.afc/collafc.afc1981005
  </subfield>
 </datafield>
 <datafield ind1="4" ind2="2" tag="856">
  <subfield code="3">
   Finding aid
  </subfield>
  <subfield code="u">
   https://hdl.loc.gov/loc.afc/eadafc.af014005
  </subfield>
 </datafield>
 <datafield ind1=" " ind2=" " tag="985">
  <subfield code="a">
   afc/ead
  </subfield>
 </datafield>
 <datafield ind1=" " ind2=" " tag="985">
  <subfield code="a">
   afc/coll
  </subfield>
 </datafield>
</record>
